@incollection{coteComplex3DFlight,
  title = {Complex {{3D Flight Trajectory Generation}} and {{Tracking Using Cubic Splines}}},
  booktitle = {1st {{UAV Conference}}},
  author = {Cote, Ken},
  publisher = {{American Institute of Aeronautics and Astronautics}}
}

@article{eshtehardianContinuousRRTbasedPath2023,
  title = {A Continuous {{RRT}}*-Based Path Planning Method for Non-Holonomic Mobile Robots Using {{B-spline}} Curves},
  author = {Eshtehardian, S. A. and Khodaygan, S.},
  date = {2023-07-01},
  journaltitle = {Journal of Ambient Intelligence and Humanized Computing},
  shortjournal = {J Ambient Intell Human Comput},
  volume = {14},
  number = {7},
  pages = {8693--8702},
  issn = {1868-5145},
  langid = {english}
}

@article{fengSmoothPathPlanning2024,
  title = {Smooth Path Planning under Maximum Curvature Constraints for Autonomous Underwater Vehicles Based on Rapidly-Exploring Random Tree Star with {{B-spline}} Curves  {{基于B样条曲线快速搜索随机树星的自治水下机器人最大曲率约束下的平滑路径规划}}},
  author = {Feng, Haobo and Hu, Qiao and Zhao, Zhenyi and Feng, Xinglong},
  date = {2024-07-01},
  journaltitle = {Engineering Applications of Artificial Intelligence},
  shortjournal = {Engineering Applications of Artificial Intelligence},
  volume = {133},
  pages = {108583},
  issn = {0952-1976}
}

@article{huangResearchPathPlanning2022,
  title = {Research on {{Path Planning Algorithm}} of {{Autonomous Vehicles Based}} on {{Improved RRT Algorithm}}},
  author = {Huang, Guanghao and Ma, Qinglu},
  date = {2022-04-01},
  journaltitle = {International Journal of Intelligent Transportation Systems Research},
  shortjournal = {Int. J. ITS Res.},
  volume = {20},
  number = {1},
  pages = {170--180},
  issn = {1868-8659},
  langid = {english}
}

@article{minCOORDINATEDPATHPLANNING2020,
  title = {COORDINATED PATH PLANNING BY INTEGRATING IMPROVED RRT\&\#42; AND QUARTIC SPLINE},
  author = {Min, Yu and Jianjun, Luo and Mingming, Wang and Dengwei, Gao},
  date = {2020-08-10},
  journaltitle = {Chinese Journal of Theoretical and Applied Mechanics},
  shortjournal = {lxxb},
  volume = {52},
  number = {4},
  pages = {1024--1034},
  publisher = {Editorial Office of the Chinese Journal of Mechanics},
  issn = {0459-1879},
  langid = {chinese}
}

@article{sunCollisionfreeDynamicallyFeasible2021,
  title = {Collision-Free and Dynamically Feasible Trajectory Planning for Omnidirectional Mobile Robots Using a Novel {{B-spline}} Based Rapidly Exploring Random Tree},
  author = {Sun, Yuxi and Zhang, Chengrui and Liu, Chang},
  date = {2021-05-01},
  journaltitle = {International Journal of Advanced Robotic Systems},
  volume = {18},
  number = {3},
  pages = {17298814211016609},
  publisher = {SAGE Publications},
  issn = {1729-8806},
  langid = {english}
}

@online{tangRealtimeTrajectoryGeneration2019,
  title = {Real-Time {{Trajectory Generation}} for {{Quadrotors}} Using {{B-spline}} Based {{Non-uniform Kinodynamic Search}}},
  author = {Tang, Lvbang and Wang, Hesheng and Li, Peng and Wang, Yong},
  date = {2019-11-18},
  eprint = {1904.12348},
  eprinttype = {arXiv},
  eprintclass = {cs},
  pubstate = {prepublished}
}

@article{wangSpeedAdaptiveRobot2023,
  title = {Speed {{Adaptive Robot Trajectory Generation Based}} on {{Derivative Property}} of {{B-Spline Curve}}},
  author = {Wang, Lihui and Guo, Yilin},
  date = {2023-04},
  journaltitle = {IEEE Robotics and Automation Letters},
  volume = {8},
  number = {4},
  pages = {1905--1911},
  issn = {2377-3766},
  eventtitle = {{{IEEE Robotics}} and {{Automation Letters}}}
}

@inproceedings{zhaoImprovedPathPlanning2022,
  title = {Improved {{Path Planning Algorithm Based}} on {{RRT Algorithm}} and {{Quintic B-spline Curve}}},
  booktitle = {2022 {{IEEE}} 11th {{Data Driven Control}} and {{Learning Systems Conference}} ({{DDCLS}})},
  author = {Zhao, Duo and Huang, Wendong},
  date = {2022-08},
  pages = {183--188},
  issn = {2767-9861},
  eventtitle = {2022 {{IEEE}} 11th {{Data Driven Control}} and {{Learning Systems Conference}} ({{DDCLS}})}
}
