@report{cookSummaryLiftLift1993,
  title = {Summary of {{Lift}} and {{Lift}}/{{Cruise Fan Powered Lift Concept Technology}}},
  author = {Cook, Woodrow L.},
  date = {1993-08-01},
  number = {A-93113},
  annotation = {NTRS Author Affiliations: NASA Ames Research Center\\
NTRS Document ID: 19940019016\\
NTRS Research Center: Legacy CDMS (CDMS)}
}

@article{fragassaNewProcedureCombining2023,
  title = {A {{New Procedure}} for {{Combining UAV-Based Imagery}} and {{Machine Learning}} in {{Precision Agriculture}}},
  author = {Fragassa, Cristiano and Vitali, Giuliano and Emmi, Luis and Arru, Marco},
  date = {2023-01},
  journaltitle = {Sustainability},
  volume = {15},
  number = {2},
  pages = {998},
  publisher = {Multidisciplinary Digital Publishing Institute},
  issn = {2071-1050},
  issue = {2},
  langid = {english}
}

@article{hassanalianClassificationsApplicationsDesign2017,
  title = {Classifications, Applications, and Design Challenges of Drones: {{A}} Review},
  shorttitle = {Classifications, Applications, and Design Challenges of Drones},
  author = {Hassanalian, M. and Abdelkefi, A.},
  date = {2017-05-01},
  journaltitle = {Progress in Aerospace Sciences},
  shortjournal = {Progress in Aerospace Sciences},
  volume = {91},
  pages = {99--131},
  issn = {0376-0421}
}

@article{iiiNondimensionalModelingDuctedFan2012,
  title = {Nondimensional {{Modeling}} of {{Ducted-Fan Aerodynamics}}},
  author = {III, Osgar John Ohanian and Gelhausen, Paul A. and Inman, Daniel J.},
  date = {2012-08-28},
  journaltitle = {Journal of Aircraft},
  langid = {english}
}

@article{johnsonModelingControlFlight2006b,
  title = {Modeling, {{Control}}, and {{Flight Testing}} of a {{Small-Ducted Fan Aircraft}}},
  author = {Johnson, Eric N. and Turbe, Michael A.},
  date = {2006-07},
  journaltitle = {Journal of Guidance, Control, and Dynamics},
  shortjournal = {Journal of Guidance, Control, and Dynamics},
  volume = {29},
  number = {4},
  pages = {769--779},
  issn = {0731-5090, 1533-3884},
  langid = {english}
}

@article{kunertovaWarUkraineShows2023,
  title = {The War in {{Ukraine}} Shows the Game-Changing Effect of Drones Depends on the Game},
  author = {Kunertova, Dominika},
  date = {2023-03-04},
  journaltitle = {Bulletin of the Atomic Scientists},
  volume = {79},
  number = {2},
  pages = {95--102},
  publisher = {Routledge},
  issn = {0096-3402}
}

@article{liuAgriculturalUAVObstacle2024a,
  title = {Agricultural {{UAV Obstacle Avoidance System Based}} on a {{Depth Image Inverse Projection Algorithm}} and {{B-Spline Curve Trajectory Optimization Algorithm}}},
  author = {Liu, Zhanlin and Wen, Sheng and Huang, Gaofeng and Li, Sipei and Deng, Zhiyin},
  date = {2024-09-25},
  journaltitle = {Information Technology and Control},
  volume = {53},
  number = {3},
  pages = {736--757},
  issn = {2335-884X},
  issue = {3},
  langid = {english}
}

@book{pereiraHoverWindtunnelTesting2008,
  title = {Hover and Wind-Tunnel Testing of Shrouded Rotors for Improved Micro Air Vehicle Design},
  author = {Pereira, Jason L.},
  date = {2008},
  publisher = {University of Maryland, College Park}
}

@article{qianImprovingPerformanceDucted2022,
  title = {Improving the Performance of Ducted Fans for {{VTOL}} Applications: {{A}} Review},
  shorttitle = {Improving the Performance of Ducted Fans for {{VTOL}} Applications},
  author = {Qian, YuPing and Luo, YiWei and Hu, XuanYang and Zeng, ZeZhi and Zhang, YangJun},
  date = {2022-11-01},
  journaltitle = {Science China Technological Sciences},
  shortjournal = {Sci. China Technol. Sci.},
  volume = {65},
  number = {11},
  pages = {2521--2541},
  issn = {1869-1900},
  langid = {english}
}

@article{rezwanArtificialIntelligenceApproaches2022,
  title = {Artificial {{Intelligence Approaches}} for {{UAV Navigation}}: {{Recent Advances}} and {{Future Challenges}}},
  shorttitle = {Artificial {{Intelligence Approaches}} for {{UAV Navigation}}},
  author = {Rezwan, Sifat and Choi, Wooyeol},
  date = {2022},
  journaltitle = {IEEE Access},
  volume = {10},
  pages = {26320--26339},
  issn = {2169-3536},
  eventtitle = {{{IEEE Access}}}
}

@article{zhangReviewDuctedFans2020b,
  title = {Review on Ducted Fans for Compound Rotorcraft},
  author = {Zhang, T. and Barakos, G. N.},
  date = {2020-07},
  journaltitle = {The Aeronautical Journal},
  volume = {124},
  number = {1277},
  pages = {941--974},
  issn = {0001-9240, 2059-6464},
  langid = {english}
}
