@article{agrawal2024transforming,
  title={Transforming Farming: A Review of AI-Powered UAV Technologies in Precision Agriculture.},
  author={Agrawal, Juhi and Arafat, Muhammad Yeasir},
  journal={Drones (2504-446X)},
  volume={8},
  number={11},
  year={2024}
}